
@incollection{fefferman2006ns,
  author    = {Charles L. Fefferman},
  title     = {Existence and Smoothness of the Navier--Stokes Equation},
  booktitle = {The Millennium Prize Problems},
  publisher = {Clay Mathematics Institute},
  year      = {2006}
}
@misc{clayproblem,
  title  = {Navier--Stokes Existence and Smoothness Problem},
  author = {{Clay Mathematics Institute}},
  year   = {2000}
}
@book{constantinfoias1988,
  author    = {Peter Constantin and Ciprian Foias},
  title     = {Navier--Stokes Equations},
  publisher = {University of Chicago Press},
  year      = {1988}
}
@article{bkm1984,
  author  = {J. T. Beale and T. Kato and A. Majda},
  title   = {Remarks on the Breakdown of Smooth Solutions for the 3-D Euler Equations},
  journal = {Communications in Mathematical Physics},
  year    = {1984},
  volume  = {94},
  pages   = {61--66}
}
@article{leray1934,
  author  = {Jean Leray},
  title   = {Sur le mouvement d'un fluide visqueux emplissant l'espace},
  journal = {Acta Mathematica},
  year    = {1934},
  volume  = {63},
  pages   = {193--248}
}
@article{prodi1959,
  author  = {Giovanni Prodi},
  title   = {Un teorema di unicita per le equazioni di Navier--Stokes},
  journal = {Annali di Matematica Pura ed Applicata},
  year    = {1959},
  volume  = {48},
  pages   = {173--182}
}
@article{serrin1962,
  author  = {James Serrin},
  title   = {On the interior regularity of weak solutions of the Navier--Stokes equations},
  journal = {Archive for Rational Mechanics and Analysis},
  year    = {1962},
  volume  = {9},
  pages   = {187--195}
}
@book{temam1995,
  author    = {Roger Temam},
  title     = {Navier--Stokes Equations: Theory and Numerical Analysis},
  publisher = {AMS Chelsea},
  year      = {1995}
}
